<record><leader>00000cas a2200000 a 4500</leader><controlfield tag="001">9936672</controlfield><controlfield tag="008">830922d18uu1834nyuwr ne      0    0eng c</controlfield><datafield ind1=" " ind2=" " tag="010"><subfield code="a">sn 83031644 </subfield></datafield><datafield ind1=" " ind2=" " tag="040"><subfield code="a">NPU</subfield><subfield code="b">eng</subfield><subfield code="c">NPU</subfield><subfield code="d">NYG</subfield><subfield code="d">NPX</subfield><subfield code="d">NYS</subfield><subfield code="d">CNK</subfield><subfield code="d">OCL</subfield><subfield code="d">NYS</subfield><subfield code="d">OCLCQ</subfield><subfield code="d">OCLCF</subfield><subfield code="d">OCLCO</subfield></datafield><datafield ind1="1" ind2=" " tag="029"><subfield code="a">AU@</subfield><subfield code="b">000020227305</subfield></datafield><datafield ind1=" " ind2=" " tag="042"><subfield code="a">pcc</subfield></datafield><datafield ind1=" " ind2=" " tag="043"><subfield code="a">n-us-ny</subfield></datafield><datafield ind1="0" ind2="0" tag="245"><subfield code="a">Washington County post and advocate of popular education.</subfield></datafield><datafield ind1="1" ind2="7" tag="246"><subfield code="a">Washington County post</subfield></datafield><datafield ind1=" " ind2=" " tag="260"><subfield code="a">Salem, N.Y. :</subfield><subfield code="b">Dodd and Stevenson</subfield></datafield><datafield ind1=" " ind2=" " tag="300"><subfield code="a">v. ;</subfield><subfield code="c">54 cm.</subfield></datafield><datafield ind1=" " ind2=" " tag="310"><subfield code="a">Weekly</subfield></datafield><datafield ind1="1" ind2=" " tag="362"><subfield code="a">Ceased in 1834.</subfield><subfield code="z">Cf. Hist. of Washington Co., N.Y., 1878.</subfield></datafield><datafield ind1=" " ind2=" " tag="500"><subfield code="a">Publishers: E. &amp; H.W. Dodd, &lt;1831-1833&gt;.</subfield></datafield><datafield ind1=" " ind2=" " tag="500"><subfield code="a">"Ab honesto, nulla re deterribitur; ad turpia, nulla spe invitabitur ... Seneca."</subfield></datafield><datafield ind1=" " ind2=" " tag="515"><subfield code="a">Issue for Jan. 6, 1830 also numbered: New series, no. 1.</subfield></datafield><datafield ind1=" " ind2=" " tag="588"><subfield code="a">Description based on: Vol. 26, no. 1337 (Jan. 6, 1830).</subfield></datafield><datafield ind1=" " ind2="0" tag="651"><subfield code="a">Salem (N.Y.)</subfield><subfield code="v">Newspapers.</subfield></datafield><datafield ind1=" " ind2="0" tag="651"><subfield code="a">Washington County (N.Y.)</subfield><subfield code="v">Newspapers.</subfield></datafield><datafield ind1=" " ind2="7" tag="655"><subfield code="a">Newspapers.</subfield><subfield code="2">fast</subfield><subfield code="0">(OCoLC)fst01423814</subfield></datafield><datafield ind1=" " ind2="7" tag="651"><subfield code="a">New York (State)</subfield><subfield code="z">Salem.</subfield><subfield code="2">fast</subfield><subfield code="0">(OCoLC)fst01234346</subfield></datafield><datafield ind1=" " ind2="7" tag="651"><subfield code="a">New York (State)</subfield><subfield code="z">Washington County.</subfield><subfield code="2">fast</subfield><subfield code="0">(OCoLC)fst01220667</subfield></datafield><datafield ind1=" " ind2=" " tag="752"><subfield code="a">United States</subfield><subfield code="b">New York</subfield><subfield code="c">Washington</subfield><subfield code="d">Salem.</subfield></datafield><datafield ind1="0" ind2="0" tag="780"><subfield code="t">Washington County post (Salem, N.Y. : 1823)</subfield><subfield code="w">(DLC)sn 83031642</subfield></datafield><datafield ind1="0" ind2="7" tag="785"><subfield code="t">North star (Whitehall, N.Y.)</subfield><subfield code="w">(OCoLC)17791281</subfield></datafield><datafield ind1="0" ind2="7" tag="785"><subfield code="t">County post and north star</subfield><subfield code="w">(DLC)sn 83031599</subfield></datafield></record>